@book{
Zaencev1999,
Author = {И.В. Заенцев},
Title = {Нейронные сети: основные модели},
Year = {1999} }
@Book{Genesis,
ALTauthor = {James M. Bower, David Beeman},
ALTeditor = {•},
title = {The Book of GENESIS: Exploring Realistic Neural Models with the GEneral NEural SImulation System},
publisher = {Springer, 2nd edition},
year = {1998},
OPTkey = {•},
OPTvolume = {•},
OPTnumber = {•},
OPTseries = {•},
OPTaddress = {•},
OPTedition = {•},
OPTmonth = {•},
OPTnote = {•},
OPTannote = {•}
}
@Article{HH,
author = {A. L. Hodgkin and A. F. Huxley},
title = {A quantitative description of membrane current and its application to conduction and excitation in nerve},
journal = {J Physiol.},
year = {1952},
volume = {117},
number = {4},
pages = {500–544},
}

