\begin{thebibliography}{}

@BOOK{mccpits,
AUTHOR = "War	ren S. McCulloch, Walter Pitts",
TITLE = "A logical calcuclus of the ideas immanent in nervous activity",
PUBLISHER = {Bulletin of Mathematical Biophysics},
YEAR = {1943}
}

\end{thebibliography}
